[gd_scene load_steps=11 format=3 uid="uid://64q2urk4gxjn"]

[ext_resource type="FontFile" uid="uid://bj71tfqr6r2tb" path="res://Pixelboy_Font.ttf" id="1"]
[ext_resource type="Script" path="res://scenes/gui/PauseScreen.gd" id="2"]

[sub_resource type="StyleBoxFlat" id="StyleBoxFlat_m1tyk"]
bg_color = Color(0, 0, 0, 0.25)

[sub_resource type="FontVariation" id="FontVariation_yp8dg"]
base_font = ExtResource("1")
spacing_glyph = 15

[sub_resource type="FontVariation" id="FontVariation_x3hqc"]
base_font = ExtResource("1")
spacing_glyph = 5
spacing_top = 10
spacing_bottom = 10

[sub_resource type="StyleBoxFlat" id="StyleBoxFlat_3ngdg"]
bg_color = Color(0.0980392, 0.0980392, 0.0980392, 1)

[sub_resource type="StyleBoxFlat" id="StyleBoxFlat_na1eb"]
bg_color = Color(0.4, 0.4, 0.4, 1)

[sub_resource type="FontVariation" id="FontVariation_fa3b6"]
base_font = ExtResource("1")
spacing_glyph = 5
spacing_top = 10
spacing_bottom = 10

[sub_resource type="StyleBoxFlat" id="StyleBoxFlat_8osni"]
bg_color = Color(0.0980392, 0.0980392, 0.0980392, 1)

[sub_resource type="StyleBoxFlat" id="StyleBoxFlat_mnrtq"]
bg_color = Color(0.4, 0.4, 0.4, 1)

[node name="PauseScreen" type="CanvasLayer"]
process_mode = 2
layer = 2
script = ExtResource("2")
mainMenu = "res://scenes/menus/Main_Menu.tscn"

[node name="Overlay" type="PanelContainer" parent="."]
anchors_preset = 15
anchor_right = 1.0
anchor_bottom = 1.0
theme_override_styles/panel = SubResource("StyleBoxFlat_m1tyk")

[node name="PauseMenuContainer" type="CenterContainer" parent="."]
anchors_preset = 15
anchor_right = 1.0
anchor_bottom = 1.0

[node name="PanelContainer" type="PanelContainer" parent="PauseMenuContainer"]
layout_mode = 2

[node name="MarginContainer" type="MarginContainer" parent="PauseMenuContainer/PanelContainer"]
layout_mode = 2
theme_override_constants/margin_left = 20
theme_override_constants/margin_top = 20
theme_override_constants/margin_right = 20
theme_override_constants/margin_bottom = 20

[node name="Rows" type="VBoxContainer" parent="PauseMenuContainer/PanelContainer/MarginContainer"]
layout_mode = 2
theme_override_constants/separation = 15

[node name="Label" type="Label" parent="PauseMenuContainer/PanelContainer/MarginContainer/Rows"]
layout_mode = 2
theme_override_fonts/font = SubResource("FontVariation_yp8dg")
theme_override_font_sizes/font_size = 32
text = "PAUSED"
horizontal_alignment = 1
vertical_alignment = 1

[node name="ContinueButton" type="Button" parent="PauseMenuContainer/PanelContainer/MarginContainer/Rows"]
layout_mode = 2
theme_override_colors/font_color = Color(1, 1, 1, 1)
theme_override_fonts/font = SubResource("FontVariation_x3hqc")
theme_override_font_sizes/font_size = 28
theme_override_styles/normal = SubResource("StyleBoxFlat_3ngdg")
theme_override_styles/hover = SubResource("StyleBoxFlat_na1eb")
text = "CONTINUE"

[node name="MainMenuButton" type="Button" parent="PauseMenuContainer/PanelContainer/MarginContainer/Rows"]
layout_mode = 2
theme_override_colors/font_color = Color(1, 1, 1, 1)
theme_override_fonts/font = SubResource("FontVariation_fa3b6")
theme_override_font_sizes/font_size = 28
theme_override_styles/normal = SubResource("StyleBoxFlat_8osni")
theme_override_styles/hover = SubResource("StyleBoxFlat_mnrtq")
text = "MAIN MENU"

[connection signal="pressed" from="PauseMenuContainer/PanelContainer/MarginContainer/Rows/ContinueButton" to="." method="_on_ContinueButton_pressed"]
[connection signal="pressed" from="PauseMenuContainer/PanelContainer/MarginContainer/Rows/MainMenuButton" to="." method="_on_MainMenuButton_pressed"]
