[gd_scene load_steps=9 format=3 uid="uid://cvlltljaq3eea"]

[ext_resource type="Script" path="res://objects/actors/enemy/Enemy.gd" id="1"]
[ext_resource type="Texture2D" uid="uid://pm5sawrwu8w7" path="res://sprites/objects/actors/Enemy.png" id="2"]
[ext_resource type="Script" path="res://objects/actors/consts/AI.gd" id="3"]
[ext_resource type="PackedScene" path="res://objects/actors/consts/Health.tscn" id="4"]
[ext_resource type="PackedScene" path="res://objects/actors/consts/Team.tscn" id="5"]

[sub_resource type="RectangleShape2D" id="1"]
size = Vector2(32, 32)

[sub_resource type="RectangleShape2D" id="2"]
size = Vector2(32, 32)

[sub_resource type="CircleShape2D" id="3"]
radius = 128.016

[node name="Enemy" type="CharacterBody2D" groups=["enemy"]]
script = ExtResource("1")

[node name="CollisionShape2D" type="CollisionShape2D" parent="."]
shape = SubResource("1")

[node name="Sprite2D" type="Sprite2D" parent="."]
texture = ExtResource("2")

[node name="Area2D" type="Area2D" parent="."]

[node name="CollisionShape2D" type="CollisionShape2D" parent="Area2D"]
shape = SubResource("2")

[node name="AI" type="Node2D" parent="."]
script = ExtResource("3")

[node name="DetectionRange" type="Area2D" parent="AI"]

[node name="CollisionShape2D" type="CollisionShape2D" parent="AI/DetectionRange"]
visible = false
shape = SubResource("3")

[node name="Health" parent="." instance=ExtResource("4")]
health = 1

[node name="Team" parent="." instance=ExtResource("5")]
team = 2

[connection signal="body_entered" from="AI/DetectionRange" to="AI" method="_on_DetectionRange_body_entered"]
[connection signal="body_exited" from="AI/DetectionRange" to="AI" method="_on_DetectionRange_body_exited"]
